
@article{Shapiro:89,
	title={Sources of Business Cycle Fluctuations},
	author={Matthew D.Shapiro et al.},
	journal={NBER Macroeconomic Annual},
	pages={15-78},
	year={1989},
	publisher={NBER}
}

@article{Gali:00,
	title={Sources of Business Cycle Fluctuations},
	author={Gali Jordi},
	journal={World Congress of the Econometric Society},
	year={2000},
	publisher={University Pompeu Fabra}
}
